<?xml version="1.0" encoding="UTF-8"?><collection xmlns="http://www.loc.gov/MARC21/slim"><record><leader>00447nam--2200181-i-4500</leader><controlfield tag="001">000037182</controlfield><controlfield tag="002">20161230</controlfield><controlfield tag="005">20161230201041</controlfield><controlfield tag="008">060222s1000------------r-----000-0-rus-d</controlfield><datafield ind1=" " ind2=" " tag="040"><subfield code="a">IFIN-HH</subfield></datafield><datafield ind1=" " ind2=" " tag="041"><subfield code="a">rus</subfield></datafield><datafield ind1=" " ind2=" " tag="080"><subfield code="a">53(076.1)</subfield></datafield><datafield ind1="1" ind2=" " tag="100"><subfield code="a">Golidfarb, N.I</subfield></datafield><datafield ind1="1" ind2="0" tag="245"><subfield code="a">Sbornik voprosov i zadaci po fizike</subfield><subfield code="c">N.i. golidfarb</subfield></datafield><datafield ind1=" " ind2=" " tag="260"><subfield code="a">Moskva</subfield><subfield code="b">Vissaia Skola</subfield><subfield code="c">1982</subfield></datafield><datafield ind1=" " ind2=" " tag="300"><subfield code="a">348P</subfield></datafield><datafield ind1=" " ind2=" " tag="852"><subfield code="a">70756</subfield><subfield code="c">53</subfield></datafield><datafield ind1=" " ind2=" " tag="CAT"><subfield code="a">Sys</subfield><subfield code="c">20150806</subfield><subfield code="h">131115</subfield></datafield></record></collection>